<?xml version="1.0" encoding="UTF-8" ?>
<collection xmlns:xsi="http://www.w3.org/2001/XMLSchema-instance"
    xsi:schemaLocation="http://www.loc.gov/MARC21/slim
        http://www.loc.gov/standards/marcxml/schema/MARC21slim.xsd"
    xmlns="http://www.loc.gov/MARC21/slim">
<record>
  <leader>00302cam a2200601 i 4500</leader>
  <controlfield tag="001">b12620300</controlfield>
  <controlfield tag="003">LeBAU</controlfield>
  <controlfield tag="005">20130923</controlfield>
  <controlfield tag="008">970830s1904    ua            ||0 f ara d</controlfield>
  <datafield tag="035" ind1=" " ind2=" ">
    <subfield code="a">ocn784430383</subfield>
  </datafield>
  <datafield tag="040" ind1=" " ind2=" ">
    <subfield code="a">LEAUB</subfield>
    <subfield code="b">ara</subfield>
    <subfield code="e">rda</subfield>
    <subfield code="c">LEAUB</subfield>
    <subfield code="d">LEAUB</subfield>
  </datafield>
  <datafield tag="082" ind1="0" ind2="4">
    <subfield code="a">892.78</subfield>
    <subfield code="2">23</subfield>
  </datafield>
  <datafield tag="100" ind1="1" ind2=" ">
    <subfield code="6">880-01</subfield>
    <subfield code="a">Zaydān, Jirjī,</subfield>
    <subfield code="d">1861-1914,</subfield>
    <subfield code="e">author.</subfield>
  </datafield>
  <datafield tag="245" ind1="1" ind2="0">
    <subfield code="6">880-02</subfield>
    <subfield code="a">Shārl wa ʻAbd al-Raḥmān :</subfield>
    <subfield code="b">riwāyah tarīkhīyah gharamīyah /</subfield>
    <subfield code="c">ta’līf Jirjī Zaydān, munshi’ al-Hilāl.</subfield>
  </datafield>
  <datafield tag="264" ind1=" " ind2="1">
    <subfield code="6">880-03</subfield>
    <subfield code="a">Miṣr :</subfield>
    <subfield code="b">Maṭba‘at al-Hilāl,</subfield>
    <subfield code="c">1904.</subfield>
  </datafield>
  <datafield tag="300" ind1=" " ind2=" ">
    <subfield code="6">880-04</subfield>
    <subfield code="a">196 pages ;</subfield>
    <subfield code="c">24 cm.</subfield>
  </datafield>
  <datafield tag="336" ind1=" " ind2=" ">
    <subfield code="a">text</subfield>
    <subfield code="b">txt</subfield>
    <subfield code="2">rdacontent</subfield>
  </datafield>
  <datafield tag="337" ind1=" " ind2=" ">
    <subfield code="a">unmediated</subfield>
    <subfield code="b">n</subfield>
    <subfield code="2">rdamedia</subfield>
  </datafield>
  <datafield tag="338" ind1=" " ind2=" ">
    <subfield code="a">volume</subfield>
    <subfield code="b">nc</subfield>
    <subfield code="2">rdacarrier</subfield>
  </datafield>
  <datafield tag="490" ind1="1" ind2=" ">
    <subfield code="6">880-05</subfield>
    <subfield code="a">Riwāyāt tārīkh al-Islām ;</subfield>
    <subfield code="v">al-ḥalaqah al-thāminah</subfield>
  </datafield>
  <datafield tag="500" ind1=" " ind2=" ">
    <subfield code="a">"تتضمن فتوح العرب في بلاد فرنسا إلى ضفاف نهر لوار بجوار تورس، وما كان من تكاتف الإفرنج هناك على دفعهم بقيادة شارل مارتل والأسباب التي دعت إلى فشل العرب ونجاة أوربا منهم."</subfield>
  </datafield>
  <datafield tag="600" ind1="0" ind2="4">
    <subfield code="a">شارلز، مارتيل،</subfield>
    <subfield code="d">حوالى 688-741</subfield>
    <subfield code="v">قصة.</subfield>
  </datafield>
  <datafield tag="600" ind1="0" ind2="4">
    <subfield code="a">عبد الرحمن</subfield>
    <subfield code="b">الاول،</subfield>
    <subfield code="c">خليفة قرطبة،</subfield>
    <subfield code="d">731-787 او 788</subfield>
    <subfield code="v">قصة.</subfield>
  </datafield>
  <datafield tag="600" ind1="0" ind2="0">
    <subfield code="a">Charles Martel,</subfield>
    <subfield code="d">approximately 688-741</subfield>
    <subfield code="v">Fiction.</subfield>
  </datafield>
  <datafield tag="600" ind1="0" ind2="0">
    <subfield code="a">ʻAbd al-Raḥmān</subfield>
    <subfield code="b">I,</subfield>
    <subfield code="c">Caliph of Cordova,</subfield>
    <subfield code="d">731-787 or 788</subfield>
    <subfield code="v">Fiction.</subfield>
  </datafield>
  <datafield tag="650" ind1=" " ind2="4">
    <subfield code="a">معركة تورس، فرنسا،732</subfield>
    <subfield code="v">قصة.</subfield>
  </datafield>
  <datafield tag="650" ind1=" " ind2="0">
    <subfield code="a">Tours, Battle of, France, 732</subfield>
    <subfield code="v">Fiction.</subfield>
  </datafield>
  <datafield tag="651" ind1=" " ind2="4">
    <subfield code="a">فرنسا</subfield>
    <subfield code="v">قصة.</subfield>
  </datafield>
  <datafield tag="651" ind1=" " ind2="4">
    <subfield code="a">الامبراطورية الاسلامية</subfield>
    <subfield code="x">تاريخ</subfield>
    <subfield code="y">661-750</subfield>
    <subfield code="v">قصة.</subfield>
  </datafield>
  <datafield tag="651" ind1=" " ind2="0">
    <subfield code="a">France</subfield>
    <subfield code="v">Fiction.</subfield>
  </datafield>
  <datafield tag="651" ind1=" " ind2="0">
    <subfield code="a">Islamic Empire</subfield>
    <subfield code="x">History</subfield>
    <subfield code="y">661-750</subfield>
    <subfield code="v">Fiction.</subfield>
  </datafield>
  <datafield tag="767" ind1="0" ind2=" ">
    <subfield code="6">880-09</subfield>
    <subfield code="i">مترجم الى (عمل):</subfield>
    <subfield code="t">The battle of Poitiers : Charles Martel and Abd al-Rahman</subfield>
    <subfield code="d">Bethesda, MD : Zaidan Foundation, c2011</subfield>
    <subfield code="w">(OCoLC)799044279</subfield>
    <subfield code="w">(OCoLC)799044279</subfield>
    <subfield code="a">Translated as (work):</subfield>
  </datafield>
  <datafield tag="775" ind1="0" ind2=" ">
    <subfield code="6">880-06</subfield>
    <subfield code="t">Shārl wa ʻAbd al-Raḥmān</subfield>
    <subfield code="d">Miṣr : Dār al-Hilāl, [1965?]</subfield>
    <subfield code="w">(OCoLC)784540685</subfield>
    <subfield code="w">(OCoLC)784540685</subfield>
  </datafield>
  <datafield tag="775" ind1="0" ind2=" ">
    <subfield code="6">880-07</subfield>
    <subfield code="t">Shārl wa ʻAbd al-Raḥmān, aw, qā’id al-Fursān</subfield>
    <subfield code="d">Miṣr : Dār al-Hilāl, [between 1900 and 1990]</subfield>
    <subfield code="w">(OCoLC)784530383</subfield>
    <subfield code="w">(OCoLC)784530383</subfield>
  </datafield>
  <datafield tag="775" ind1="0" ind2=" ">
    <subfield code="6">880-08</subfield>
    <subfield code="t">Shārl wa ʻAbd al-Raḥmān...</subfield>
    <subfield code="d">Bayrūt : al-Maktabah al-adabīyah, [19-?]</subfield>
    <subfield code="w">(OCoLC)784430384</subfield>
    <subfield code="w">(OCoLC)784430384</subfield>
  </datafield>
  <datafield tag="787" ind1="0" ind2=" ">
    <subfield code="6">880-10</subfield>
    <subfield code="i">Contained in (work):</subfield>
    <subfield code="t">al-Ḥajjāj bin Yūsuf...</subfield>
    <subfield code="d">Miṣr : Dār al-Hīlāl, [between 1900 and 1999]</subfield>
    <subfield code="w">b18280730</subfield>
  </datafield>
  <datafield tag="830" ind1=" " ind2="0">
    <subfield code="6">880-11</subfield>
    <subfield code="a">Riwāyāt tārīkh al-Islām ;</subfield>
    <subfield code="v">8.</subfield>
  </datafield>
  <datafield tag="852" ind1=" " ind2=" ">
    <subfield code="a">Jafet Library</subfield>
    <subfield code="e">American University of Beirut, Bliss Street , Beirut, Lebanon.</subfield>
  </datafield>
  <datafield tag="880" ind1="1" ind2=" ">
    <subfield code="6">100-01/(3/r</subfield>
    <subfield code="a">زيدان، جرجي،</subfield>
    <subfield code="d">1861-1914،</subfield>
    <subfield code="e">مؤلف. </subfield>
    <subfield code="4">aut.</subfield>
  </datafield>
  <datafield tag="880" ind1="1" ind2="0">
    <subfield code="6">245-02/(3/r</subfield>
    <subfield code="a">شارل وعبد الرحمن :</subfield>
    <subfield code="b">رواية تاريخية غرامية /</subfield>
    <subfield code="c">تأليف جرجي زيدان، منشىء الهلال.</subfield>
  </datafield>
  <datafield tag="880" ind1=" " ind2="1">
    <subfield code="6">264-03/(3/r</subfield>
    <subfield code="a">مصر :</subfield>
    <subfield code="b">مطبعة الهلال،</subfield>
    <subfield code="c">1904.</subfield>
  </datafield>
  <datafield tag="880" ind1=" " ind2=" ">
    <subfield code="6">300-04/(3/r</subfield>
    <subfield code="a">196 صفحة ؛</subfield>
    <subfield code="c">24 سم.</subfield>
  </datafield>
  <datafield tag="880" ind1="1" ind2=" ">
    <subfield code="6">490-05/(3/r</subfield>
    <subfield code="a">روايات تاريخ الاسلام ؛</subfield>
    <subfield code="v">الحلقة الثامنة</subfield>
  </datafield>
  <datafield tag="880" ind1="0" ind2=" ">
    <subfield code="6">775-06/(3/r</subfield>
    <subfield code="t">شارل وعبد الرحمن</subfield>
    <subfield code="d">مصر : دار الهلال، [1965؟]</subfield>
    <subfield code="w">b13196583</subfield>
    <subfield code="w">(OCoLC)784540685</subfield>
  </datafield>
  <datafield tag="880" ind1="0" ind2=" ">
    <subfield code="6">775-07/(3/r</subfield>
    <subfield code="t">شارل وعبد الرحمن، او، قائد الفرسان</subfield>
    <subfield code="d">مصر : دار الهلال، [ما بين 1900 و 1990]</subfield>
    <subfield code="w">b12981199</subfield>
    <subfield code="w">(OCoLC)784530383</subfield>
  </datafield>
  <datafield tag="880" ind1="0" ind2=" ">
    <subfield code="6">775-08/(3/r</subfield>
    <subfield code="t">شارل وعبد الرحمن...</subfield>
    <subfield code="d">بيروت : المكتبة الأدبية، [19-؟]</subfield>
    <subfield code="w">b12620312</subfield>
    <subfield code="w">(OCoLC)784430384</subfield>
  </datafield>
  <datafield tag="880" ind1="0" ind2=" ">
    <subfield code="6">767-09/(3/r</subfield>
    <subfield code="a">Translated as (work):</subfield>
    <subfield code="t">The battle of Poitiers : Charles Martel and Abd al-Rahman</subfield>
    <subfield code="d">Bethesda, MD : Zaidan Foundation, c2011</subfield>
    <subfield code="w">b17556478</subfield>
    <subfield code="w">(OCoLC)799044279</subfield>
  </datafield>
  <datafield tag="880" ind1="0" ind2=" ">
    <subfield code="6">787-10/(3/r</subfield>
    <subfield code="i">متضمن في (عمل):</subfield>
    <subfield code="t">الحجاج بن يوسف...</subfield>
    <subfield code="d">مصر : دار الهلال، [ما بين 1900 و 1990]</subfield>
    <subfield code="w">b18280730</subfield>
  </datafield>
  <datafield tag="880" ind1=" " ind2="0">
    <subfield code="6">830-11/(3/r</subfield>
    <subfield code="a">روايات تاريخ الاسلام ؛</subfield>
    <subfield code="v">8.</subfield>
  </datafield>
  <datafield tag="907" ind1=" " ind2=" ">
    <subfield code="a">.b12620300</subfield>
    <subfield code="b">16-11-17</subfield>
    <subfield code="c">11-05-24</subfield>
  </datafield>
  <datafield tag="907" ind1=" " ind2=" ">
    <subfield code="a">.b12620300</subfield>
    <subfield code="b">15-10-15</subfield>
    <subfield code="c">11-05-24</subfield>
  </datafield>
  <datafield tag="945" ind1=" " ind2=" ">
    <subfield code="f">J</subfield>
    <subfield code="a">892.78:Z39sbA:c.1</subfield>
    <subfield code="g">1</subfield>
    <subfield code="i">01044362</subfield>
    <subfield code="j">.i13140292</subfield>
    <subfield code="l">u0503</subfield>
  </datafield>
  <datafield tag="998" ind1=" " ind2=" ">
    <subfield code="a">u05</subfield>
    <subfield code="b">97-08-30</subfield>
    <subfield code="c">m</subfield>
    <subfield code="d">a</subfield>
    <subfield code="e">-</subfield>
    <subfield code="f">ara</subfield>
    <subfield code="g">ua </subfield>
    <subfield code="h">0</subfield>
    <subfield code="i">1</subfield>
  </datafield>
</record>
</collection>
